<record><leader>00000cas a22000007a 4500</leader><controlfield tag="001">21914377</controlfield><controlfield tag="008">900625d18851885nyudn ne      0    0eng d</controlfield><datafield ind1=" " ind2=" " tag="010"><subfield code="a">sn 90066106 </subfield></datafield><datafield ind1=" " ind2=" " tag="040"><subfield code="a">NYS</subfield><subfield code="b">eng</subfield><subfield code="c">NYS</subfield><subfield code="d">OCLCQ</subfield></datafield><datafield ind1=" " ind2=" " tag="042"><subfield code="a">msc</subfield></datafield><datafield ind1="0" ind2="0" tag="245"><subfield code="a">News-bulletin-Auburnian.</subfield></datafield><datafield ind1=" " ind2=" " tag="260"><subfield code="a">Auburn, N.Y. :</subfield><subfield code="b">[s.n.]</subfield></datafield><datafield ind1=" " ind2=" " tag="300"><subfield code="a">v.</subfield></datafield><datafield ind1=" " ind2=" " tag="310"><subfield code="a">Daily (except Sunday)</subfield></datafield><datafield ind1="0" ind2=" " tag="362"><subfield code="a">Vol. 29, no. 5916 (Jan. 3, 1885)-v. 29, no. 6219 (Dec. 31, 1885).</subfield></datafield><datafield ind1=" " ind2="4" tag="651"><subfield code="a">Auburn (N.Y.)</subfield><subfield code="v">Newspapers.</subfield></datafield><datafield ind1=" " ind2=" " tag="752"><subfield code="a">United States</subfield><subfield code="b">New York</subfield><subfield code="c">Cayuga</subfield><subfield code="d">Auburn.</subfield></datafield><datafield ind1="0" ind2="4" tag="780"><subfield code="t">Evening Auburnian</subfield><subfield code="w">(DLC)sn 90066047</subfield></datafield><datafield ind1="0" ind2="4" tag="780"><subfield code="t">Auburn news and bulletin</subfield><subfield code="w">(DLC)sn 90066083</subfield><subfield code="w">(OCoLC)21729059</subfield></datafield><datafield ind1="0" ind2="0" tag="785"><subfield code="t">Auburn bulletin (Auburn, N.Y.)</subfield><subfield code="w">(DLC)sn 89071357</subfield></datafield><datafield ind1="1" ind2=" " tag="029"><subfield code="a">AU@</subfield><subfield code="b">000025863622</subfield></datafield></record>